@article{boyce2020optimality,
	title={Optimality and limitations of audio-visual integration for cognitive systems},
	author={Boyce, William Paul and Lindsay, Anthony and Zgonnikov, Arkady and Rano, Inaki and Wong-Lin, KongFatt},
	journal={Frontiers in Robotics and AI},
	volume={7},
	pages={94},
	year={2020},
	publisher={Frontiers}
}
@article{weintraub1972coming,
  title={Coming of age with the Delboeuf illusion: Brightness contrast, cognition, and perceptual development.},
  author={Weintraub, Daniel J and Cooper, Lynn A},
  journal={Developmental Psychology},
  volume={6},
  number={2},
  pages={187},
  year={1972},
  publisher={American Psychological Association}
}
@article{oyama1962effect,
  title={THE EFFECT OF HUE AND BRIGHTNESS ON THE SIZE-ILLUSION OF CONCENTRIC CIRCLES A FURTHER STUDY},
  author={OYAMA, TADASU and AKATSUKA, REIKO},
  journal={Japanese Psychological Research},
  volume={4},
  number={3},
  pages={129--134},
  year={1962},
  publisher={The Japanese Psychological Association}
}
@article{avery1969basis,
  title={Basis of the horizontal-vertical illusion.},
  author={Avery, Gayle C and Day, Ross Henry},
  journal={Journal of experimental psychology},
  volume={81},
  number={2},
  pages={376},
  year={1969},
  publisher={American Psychological Association}
}
@article{schmidt2016temporal,
  title={Temporal processing characteristics of the Ponzo illusion},
  author={Schmidt, Filipp and Haberkamp, Anke},
  journal={Psychological research},
  volume={80},
  number={2},
  pages={273--285},
  year={2016},
  publisher={Springer}
}
@article{bressan2021most,
  title={Most findings obtained with untimed visual illusions are confounded},
  author={Bressan, Paola and Kramer, Peter},
  year={2021},
  publisher={PsyArXiv}
}
@article{weintraub1986fragments,
  title={Fragments of Delboeuf and Ebbinghaus illusions: contour/context explorations of misjudged circle size},
  author={Weintraub, Daniel J and Schneck, Michael K},
  journal={Perception \& Psychophysics},
  volume={40},
  number={3},
  pages={147--158},
  year={1986},
  publisher={Springer}
}
@article{prinzmetal1993vertical,
  title={Vertical-horizontal illusion: One eye is better than two},
  author={Prinzmetal, William and Gettleman, Laurie},
  journal={Perception \& Psychophysics},
  volume={53},
  number={1},
  pages={81--88},
  year={1993},
  publisher={Springer}
}
@article{surkys2006delboeuf,
  title={Delboeuf illusion study},
  author={Surkys, Tadas and Bertulis, Algis and Bulatov, Aleksandr},
  journal={Medicina (Kaunas)},
  volume={42},
  number={8},
  pages={8},
  year={2006}
}
@article{girgus1982assimilation,
  title={Assimilation and contrast illusions: Differences in plasticity},
  author={Girgus, Joan S and Coren, Stanley},
  journal={Perception \& Psychophysics},
  volume={32},
  number={6},
  pages={555--561},
  year={1982},
  publisher={Springer}
}
@article{jaeger2007effects,
  title={Effects of contour proximity and lightness on Delboeuf illusions created by circumscribed letters},
  author={Jaeger, Ted and Long, Stephen},
  journal={Perceptual and motor skills},
  volume={105},
  number={1},
  pages={253--260},
  year={2007},
  publisher={SAGE Publications Sage CA: Los Angeles, CA}
}
@article{poom2020influences,
  title={Influences of orientation on the Ponzo, contrast, and Craik-Oâ€™Brien-Cornsweet illusions},
  author={Poom, Leo},
  journal={Attention, Perception, \& Psychophysics},
  volume={82},
  number={4},
  pages={1896--1911},
  year={2020},
  publisher={Springer}
}
@article{bridges2020timing,
  title={The timing mega-study: comparing a range of experiment generators, both lab-based and online},
  author={Bridges, David and Pitiot, Alain and MacAskill, Michael R and Peirce, Jonathan W},
  journal={PeerJ},
  volume={8},
  pages={e9414},
  year={2020},
  publisher={PeerJ Inc.}
}
@article{ben2012object,
  title={Object representations in visual memory: Evidence from visual illusions},
  author={Ben-Shalom, Asaf and Ganel, Tzvi},
  journal={Journal of vision},
  volume={12},
  number={7},
  pages={15--15},
  year={2012},
  publisher={The Association for Research in Vision and Ophthalmology}
}
@article{liddle1987schizophrenic,
  title={Schizophrenic syndromes, cognitive performance and neurological dysfunction},
  author={Liddle, Peter F},
  journal={Psychological medicine},
  volume={17},
  number={1},
  pages={49--57},
  year={1987},
  publisher={Cambridge University Press}
}
@article{friston2009predictive,
  title={Predictive coding under the free-energy principle},
  author={Friston, Karl and Kiebel, Stefan},
  journal={Philosophical Transactions of the Royal Society B: Biological Sciences},
  volume={364},
  number={1521},
  pages={1211--1221},
  year={2009},
  publisher={The Royal Society London}
}
@article{sterzer2018predictive,
  title={The predictive coding account of psychosis},
  author={Sterzer, Philipp and Adams, Rick A and Fletcher, Paul and Frith, Chris and Lawrie, Stephen M and Muckli, Lars and Petrovic, Predrag and Uhlhaas, Peter and Voss, Martin and Corlett, Philip R},
  journal={Biological psychiatry},
  volume={84},
  number={9},
  pages={634--643},
  year={2018},
  publisher={Elsevier}
}
@article{dima2010impaired,
  title={Impaired top-down processes in schizophrenia: a DCM study of ERPs},
  author={Dima, Danai and Dietrich, Detlef E and Dillo, Wolfgang and Emrich, Hinderk M},
  journal={NeuroImage},
  volume={52},
  number={3},
  pages={824--832},
  year={2010},
  publisher={Elsevier}
}
@article{koethe2009binocular,
  title={Binocular depth inversion as a paradigm of reduced visual information processing in prodromal state, antipsychotic-naive and treated schizophrenia},
  author={Koethe, Dagmar and Kranaster, Laura and Hoyer, Carolin and Gross, Sonja and Neatby, Miriam A and Schultze-Lutter, Frauke and Ruhrmann, Stephan and Klosterkotter, Joachim and Hellmich, Martin and Leweke, F Markus},
  journal={European Archives of Psychiatry and Clinical Neuroscience},
  volume={259},
  number={4},
  pages={195--202},
  year={2009},
  publisher={Springer}
}
@article{mahon2018role,
  title={The role of attention in eye-movement awareness},
  author={Mahon, Aoife and Clarke, Alasdair DF and Hunt, Amelia R},
  journal={Attention, Perception, \& Psychophysics},
  volume={80},
  number={7},
  pages={1691--1704},
  year={2018},
  publisher={Springer}
}
@article{schneider2002reduced,
  title={Reduced binocular depth inversion in schizophrenic patients},
  author={Schneider, U and Borsutzky, M and Seifert, J and Leweke, FM and Huber, TJ and Rollnik, JD and Emrich, HM},
  journal={Schizophrenia research},
  volume={53},
  number={1-2},
  pages={101--108},
  year={2002},
  publisher={Elsevier}
}
@software{henninger2020labjs,
  author={Henninger, Felix and Shevchenko, Yury and Mertens, Ulf and Kieslich, Pascal J. and Hilbig, Benjamin E.},
  title={lab.js: A free, open, online experiment builder},
  month=jul,
  year=2020,
  publisher={Zenodo},
  version={v20.1.1},
  doi={10.5281/zenodo.3953072},
  url={https://doi.org/10.5281/zenodo.3953072}
}

@article{mcclain2014visual,
  title={Visual illusions and plate design: the effects of plate rim widths and rim coloring on perceived food portion size},
  author={McClain, AD and van den Bos, Wouter and Matheson, Donna and Desai, Manisha and McClure, Samuel M and Robinson, Thomas N},
  journal={International Journal of Obesity},
  volume={38},
  number={5},
  pages={657--662},
  year={2014},
  publisher={Nature Publishing Group}
}
@article{maizey2019barriers,
  title={Barriers and solutions for early career researchers in tackling the reproducibility crisis in cognitive neuroscience},
  author={Maizey, Leah and Tzavella, Loukia},
  journal={Cortex},
  volume={113},
  pages={357--359},
  year={2019},
  publisher={Elsevier}
}

@article{milkowski2018replicability,
  title={Replicability or reproducibility? On the replication crisis in computational neuroscience and sharing only relevant detail},
  author={Milkowski, Marcin and Hensel, Witold M and Hohol, Mateusz},
  journal={Journal of computational neuroscience},
  volume={45},
  number={3},
  pages={163--172},
  year={2018},
  publisher={Springer}
}

@article{watanabe2018illusory,
  title={Illusory motion reproduced by deep neural networks trained for prediction},
  author={Watanabe, Eiji and Kitaoka, Akiyoshi and Sakamoto, Kiwako and Yasugi, Masaki and Tanaka, Kenta},
  journal={Frontiers in psychology},
  volume={9},
  pages={345},
  year={2018},
  publisher={Frontiers}
}

@book{bertamini2017programming,
  title={Programming visual illusions for everyone},
  author={Bertamini, Marco},
  volume={2},
  year={2017},
  publisher={Springer}
}

@article{makowski2017neuropsydia,
  title={Neuropsydia. py: A python module for creating experiments, tasks and questionnaires},
  author={Makowski, Dominique and Dutriaux, Leo},
  journal={Journal of Open Source Software},
  volume={2},
  number={19},
  pages={259},
  year={2017}
}

@article{de2016psychophysics,
  title={Psychophysics in a Web browser? Comparing response times collected with JavaScript and Psychophysics Toolbox in a visual search task},
  author={de Leeuw, Joshua R and Motz, Benjamin A},
  journal={Behavior Research Methods},
  volume={48},
  number={1},
  pages={1--12},
  year={2016},
  publisher={Springer}
}


@article{topalidou2015long,
  title={A long journey into reproducible computational neuroscience},
  author={Topalidou, Meropi and Leblois, Arthur and Boraud, Thomas and Rougier, Nicolas P},
  journal={Frontiers in computational neuroscience},
  volume={9},
  pages={30},
  year={2015},
  publisher={Frontiers}
}

@article{open2015estimating,
  title={Estimating the reproducibility of psychological science},
  author={Brian A. Nosek and Johanna Cohoon and Mallory Kidwell and Jeffrey Robert Spies},
  journal={Science},
  volume={349},
  number={6251},
  pages={aac4716},
  year={2015},
  publisher={American Association for the Advancement of Science}
}

@misc{clark2015pillow,
  title={Pillow (PIL Fork) Documentation},
  author={Clark, Alex},
  year={2015},
  publisher={readthedocs},
 url={https://buildmedia.readthedocs.org/media/pdf/pillow/latest/pillow.pdf}
}


@book{python3,
 author = {Van Rossum, Guido and Drake, Fred L.},
 title = {Python 3 Reference Manual},
 year = {2009},
 isbn = {1441412697},
 publisher = {CreateSpace},
 address = {Scotts Valley, CA}
}

@article{peirce2007psychopy,
  title={PsychoPyâ€”psychophysics software in Python},
  author={Peirce, Jonathan W},
  journal={Journal of neuroscience methods},
  volume={162},
  number={1-2},
  pages={8--13},
  year={2007},
  publisher={Elsevier}
}


@article{mathot2012opensesame,
  title={OpenSesame: An open-source, graphical experiment builder for the social sciences},
  author={Mathot, Sebastiaan and Schreij, Daniel and Theeuwes, Jan},
  journal={Behavior research methods},
  volume={44},
  number={2},
  pages={314--324},
  year={2012},
  publisher={Springer}
}
@article{van2008human,
  title={The human Muller-Lyer illusion in goalkeeping},
  author={van der Kamp, John and Masters, Rich SW},
  journal={Perception},
  volume={37},
  number={6},
  pages={951--954},
  year={2008},
  publisher={SAGE Publications Sage UK: London, England}
}
@article{van2012plate,
  title={Plate size and color suggestibility: The Delboeuf illusionâ€™s bias on serving and eating behavior},
  author={Van Ittersum, Koert and Wansink, Brian},
  journal={Journal of Consumer Research},
  volume={39},
  number={2},
  pages={215--228},
  year={2012},
  publisher={University of Chicago Press Chicago, IL}
}
@incollection{adelson200024,
	booktitle={The New Cognitive Neurosciences},
	title={Lightness Perception and Lightness Illusions},
	author={Adelson, E. H.},
	edition={2nd},
	editor={Gazzaniga, M},
	pages={339--351},
	year={2000},
	publisher={MIT Press: Cambridge MA.}
}

@article{king2017review,
  title={A review of abnormalities in the perception of visual illusions in schizophrenia},
  author={King, Daniel J and Hodgekins, Joanne and Chouinard, Philippe A and Chouinard, Virginie-Anne and Sperandio, Irene},
  journal={Psychonomic bulletin \& review},
  volume={24},
  number={3},
  pages={734--751},
  year={2017},
  publisher={Springer}
}
@article{notredame2014visual,
  title={What visual illusions teach us about schizophrenia},
  author={Notredame, Charles-Edouard and Pins, Delphine and Deneve, Sophie and Jardri, Renaud},
  journal={Frontiers in integrative neuroscience},
  volume={8},
  pages={63},
  year={2014},
  publisher={Frontiers}
}
@article{dakin2005weak,
  title={Weak suppression of visual context in chronic schizophrenia},
  author={Dakin, Steven and Carlin, Patricia and Hemsley, David},
  journal={Current Biology},
  volume={15},
  number={20},
  pages={R822--R824},
  year={2005},
  publisher={Elsevier}
}
@article{jaeger2015ebbinghaus,
  title={The Ebbinghaus illusion: new contextual effects and theoretical considerations},
  author={Jaeger, Ted and Klahs, Kyle},
  journal={Perceptual and motor skills},
  volume={120},
  number={1},
  pages={177--182},
  year={2015},
  publisher={SAGE Publications Sage CA: Los Angeles, CA}
}
@article{ropar2001susceptibility,
  title={Susceptibility to illusions and performance on visuospatial tasks in individuals with autism},
  author={Ropar, Danielle and Mitchell, Peter},
  journal={Journal of child Psychology and Psychiatry},
  volume={42},
  number={4},
  pages={539--549},
  year={2001},
  publisher={Wiley Online Library}
}
@article{girgus1972interrelationship,
  title={The interrelationship between the Ebbinghaus and Delboeuf illusions.},
  author={Girgus, Joan S and Coren, Stanley and Agdern, Myra},
  journal={Journal of Experimental Psychology},
  volume={95},
  number={2},
  pages={453},
  year={1972},
  publisher={American Psychological Association}
}
@article{woloszyn2010contrasting,
  title={Contrasting three popular explanations for the Muller-Lyer illusion},
  author={Woloszyn, Michael R},
  journal={Current Research in Psychology},
  volume={1},
  number={2},
  pages={102--107},
  year={2010},
  publisher={Citeseer}
}

@article{restle1977size,
  title={Size of the Mueller-Lyer illusion as a function of its dimensions: Theory and data},
  author={Restle, Frank and Decker, James},
  journal={Perception \& Psychophysics},
  volume={21},
  number={6},
  pages={489--503},
  year={1977},
  publisher={Springer}
}
@article{jaeger1975effect,
  title={Effect of changes in fin-length on apparent shaft-length and depth in the M{\"u}ller-Lyer illusion},
  author={Jaeger, Ted},
  journal={Perceptual and motor skills},
  volume={41},
  number={1},
  pages={79--84},
  year={1975},
  publisher={SAGE Publications Sage CA: Los Angeles, CA}
}
@article{wickelgren1965brightness,
  title={Brightness contrast and length perception in the M{\"u}ller-Lyer illusion},
  author={Wickelgren, Barbara G},
  journal={Vision Research},
  volume={5},
  number={4-5},
  pages={141--150},
  year={1965},
  publisher={Elsevier}
}
@article{jaeger1980effect,
  title={Effect of lightness contrast on Ponzo illusions},
  author={Jaeger, Ted and Treiber, Frank and Pollack, Robert H},
  journal={Bulletin of the Psychonomic Society},
  volume={15},
  number={1},
  pages={1--4},
  year={1980},
  publisher={Springer}
}
@article{jaeger1978ebbinghaus,
  title={Ebbinghaus illusions: Size contrast or contour interaction phenomena?},
  author={Jaeger, Ted},
  journal={Perception \& Psychophysics},
  volume={24},
  number={4},
  pages={337--342},
  year={1978},
  publisher={Springer}
}
@article{massaro1971judgmental,
  title={Judgmental model of the Ebbinghaus illusion.},
  author={Massaro, Dominic W and Anderson, Norman H},
  journal={Journal of experimental psychology},
  volume={89},
  number={1},
  pages={147},
  year={1971},
  publisher={American Psychological Association}
}
@article{crawford2010perception,
  title={The perception of real and illusory motion in schizophrenia},
  author={Crawford, TJ and Hamm, JP and Kean, M and Schmechtig, A and Kumari, V and Anilkumar, AP and Ettinger, U},
  journal={Neuropsychologia},
  volume={48},
  number={10},
  pages={3121--3127},
  year={2010},
  publisher={Elsevier}
}
@article{chouinard2013global,
  title={Global processing during the Muller-Lyer illusion is distinctively affected by the degree of autistic traits in the typical population},
  author={Chouinard, Philippe A and Noulty, William A and Sperandio, Irene and Landry, Oriane},
  journal={Experimental Brain Research},
  volume={230},
  number={2},
  pages={219--231},
  year={2013},
  publisher={Springer}
}
@article{kantrowitz2009seeing,
  title={Seeing the world dimly: the impact of early visual deficits on visual experience in schizophrenia},
  author={Kantrowitz, Joshua T and Butler, Pamela D and Schecter, Isaac and Silipo, Gail and Javitt, Daniel C},
  journal={Schizophrenia bulletin},
  volume={35},
  number={6},
  pages={1085--1094},
  year={2009},
  publisher={Oxford University Press}
}
@article{spencer2014oscillatory,
  title={Oscillatory dynamics of Gestalt perception in schizophrenia revisited},
  author={Spencer, Kevin M and Ghorashi, Shahab},
  journal={Frontiers in psychology},
  volume={5},
  pages={68},
  year={2014},
  publisher={Frontiers}
}
@article{parnas2001visual,
  title={Visual binding abilities in the initial and advanced stages of schizophrenia},
  author={Parnas, Josef and Vianin, Pascal and Saebye, D and Jansson, L and Volmer Larsen, A and Bovet, Pierre},
  journal={Acta Psychiatrica Scandinavica},
  volume={103},
  number={3},
  pages={171--180},
  year={2001},
  publisher={Wiley Online Library}
}
@article{yang2013visual,
  title={Visual context processing in schizophrenia},
  author={Yang, Eunice and Tadin, Duje and Glasser, Davis M and Hong, Sang Wook and Blake, Randolph and Park, Sohee},
  journal={Clinical psychological science},
  volume={1},
  number={1},
  pages={5--15},
  year={2013},
  publisher={Sage Publications Sage CA: Los Angeles, CA}
}
@article{uhlhaas2006theory,
  title={Theory of mind and perceptual context-processing in schizophrenia},
  author={Uhlhaas, Peter J and Phillips, William A and Schenkel, Lindsay S and Silverstein, Steven M},
  journal={Cognitive neuropsychiatry},
  volume={11},
  number={4},
  pages={416--436},
  year={2006},
  publisher={Taylor \& Francis}
}
@article{uhlhaas2004evidence,
  title={Evidence for impaired visual context processing in schizotypy with thought disorder},
  author={Uhlhaas, Peter J and Silverstein, Steven M and Phillips, William A and Lovell, Paul G},
  journal={Schizophrenia research},
  volume={68},
  number={2-3},
  pages={249--260},
  year={2004},
  publisher={Elsevier}
}

@article{hoy2004weak,
  title={Weak central coherence: a cross-domain phenomenon specific to autism?},
  author={Hoy, James A and Hatton, Chris and Hare, Dougal},
  journal={Autism},
  volume={8},
  number={3},
  pages={267--281},
  year={2004},
  publisher={Sage Publications Sage CA: Thousand Oaks, CA}
}
@article{happe1996studying,
  title={Studying weak central coherence at low levels: children with autism do not succumb to visual illusions. A research note},
  author={Happe, Francesca},
  journal={Journal of child psychology and psychiatry},
  volume={37},
  number={7},
  pages={873--877},
  year={1996},
  publisher={Wiley Online Library}
}
@article{happe2006weak,
  title={The weak coherence account: detail-focused cognitive style in autism spectrum disorders},
  author={Happe, Francesca and Frith, Uta},
  journal={Journal of autism and developmental disorders},
  volume={36},
  number={1},
  pages={5--25},
  year={2006},
  publisher={Springer}
}
@article{ropar1999individuals,
  title={Are individuals with autism and Asperger's syndrome susceptible to visual illusions?},
  author={Ropar, Danielle and Mitchell, Peter},
  journal={Journal of child psychology and psychiatry},
  volume={40},
  number={8},
  pages={1283--1293},
  year={1999},
  publisher={Wiley Online Library}
}
@article{tibber2013visual,
  title={Visual surround suppression in schizophrenia},
  author={Tibber, Marc Samuel and Anderson, Elaine J and Bobin, Tracy and Antonova, Elena and Seabright, Alice and Wright, Bernice and Carlin, Patricia and Shergill, Sukhwinder S and Dakin, Steven C},
  journal={Frontiers in psychology},
  volume={4},
  pages={88},
  year={2013},
  publisher={Frontiers}
}
@article{mitchell2010susceptibility,
  title={Susceptibility to the Shepard illusion in participants with autism: Reduced top-down influences within perception?},
  author={Mitchell, Peter and Mottron, Laurent and Soulieres, Isabelle and Ropar, Danielle},
  journal={Autism Research},
  volume={3},
  number={3},
  pages={113--119},
  year={2010},
  publisher={Wiley Online Library}
}
@article{gori2016visual,
  title={Visual illusions: An interesting tool to investigate developmental dyslexia and autism spectrum disorder},
  author={Gori, Simone and Molteni, Massimo and Facoetti, Andrea},
  journal={Frontiers in human neuroscience},
  volume={10},
  pages={175},
  year={2016},
  publisher={Frontiers}
}
@article{walter2009specific,
  title={A specific autistic trait that modulates visuospatial illusion susceptibility},
  author={Walter, Elizabeth and Dassonville, Paul and Bochsler, Tiana M},
  journal={Journal of autism and developmental disorders},
  volume={39},
  number={2},
  pages={339--349},
  year={2009},
  publisher={Springer}
}
@article{carbon2014understanding,
	title={Understanding human perception by human-made illusions},
	author={Carbon, Claus-Christian},
	journal={Frontiers in human neuroscience},
	volume={8},
	pages={566},
	year={2014},
	publisher={Frontiers}
}

@article{chen2015contextual,
	title={Contextual influence on the tilt after-effect in foveal and para-foveal vision},
	author={Chen, Cheng and Chen, Xianghui and Gao, Min and Yang, Qiong and Yan, Hongmei},
	journal={Neuroscience Bulletin},
	volume={31},
	number={3},
	pages={307--316},
	year={2015},
	publisher={Springer}
}

@article{clifford2002perceptual,
	title={Perceptual adaptation: motion parallels orientation},
	author={Clifford, Colin WG},
	journal={Trends in cognitive sciences},
	volume={6},
	number={3},
	pages={136--143},
	year={2002},
	publisher={Elsevier}
}

@article{clifford2014tilt,
	title={The tilt illusion: Phenomenology and functional implications},
	author={Clifford, Colin WG},
	journal={Vision research},
	volume={104},
	pages={3--11},
	year={2014},
	publisher={Elsevier}
}

@article{corbett2006observer,
	title={Observer pitch and roll influence: the rod and frame illusion},
	author={Corbett, Jennifer E and Enns, James T},
	journal={Psychonomic bulletin \& review},
	volume={13},
	number={1},
	pages={160--165},
	year={2006},
	publisher={Springer}
}

@article{curran2009hierarchy,
	title={The hierarchy of directional interactions in visual motion processing},
	author={Curran, William and Clifford, Colin WG and Benton, Christopher P},
	journal={Proceedings of the Royal Society B: Biological Sciences},
	volume={276},
	number={1655},
	pages={263--268},
	year={2009},
	publisher={The Royal Society London}
}

@article{delboeuf1865note,
	title={Note sur certaines illusions dâ€™optique: Essai dâ€™une theorie psychophysique de la maniere dont lâ€™oeil appr'ecie les distances et les angles},
	author={Delboeuf, Franz Joseph},
	journal={Bulletins de lâ€™Academie Royale des Sciences, Lettres et Beaux-arts de Belgique},
	volume={19},
	pages={195--216},
	year={1865}
}

@book{delboeuf1893nouvelle,
	title={Sur une nouvelle illusion d'optique},
	author={Delboeuf, Joseph},
	year={1893}
}

@article{durgin1995filling,
	title={On the filling in of the visual blind spot: Some rules of thumb},
	author={Durgin, Frank H and Tripathy, Srimant P and Levi, Dennis M},
	journal={Perception},
	volume={24},
	number={7},
	pages={827--840},
	year={1995},
	publisher={SAGE Publications Sage UK: London, England}
}

@book{ebbinghaus1902grundzuge,
	title={Grundzuge der psychologie},
	author={Ebbinghaus, Hermann},
	volume={I and II},
	year={1902},
	publisher={Verlag von Veit \& Comp.}
}

@article{forte2005inter,
	title={Inter-ocular transfer of the tilt illusion shows that monocular orientation mechanisms are colour selective},
	author={Forte, Jason D and Clifford, Colin WG},
	journal={Vision research},
	volume={45},
	number={20},
	pages={2715--2721},
	year={2005},
	publisher={Elsevier}
}

@article{helmholtz1856handbuch,
	title={Handbuch der physiologischen Optik (2 vols.[Vol. 1, 1856; Vol. 2, 1867])},
	author={Helmholtz, H von},
	journal={Leipzig Germany: L. Voss},
	year={1856}
}

@book{Holland1965,
	title= {Holland 1965 international series of monographs in experimental psychology: II. The spiral after effect},
	author={Holland, H. C.},
	year={1965},
	publisher={London, Pergamon Press}
}
@article{wansink2005bottomless,
  title={Bottomless bowls: why visual cues of portion size may influence intake},
  author={Wansink, Brian and Painter, James E and North, Jill},
  journal={Obesity research},
  volume={13},
  number={1},
  pages={93--100},
  year={2005},
  publisher={Wiley Online Library}
}
@article{howe2005muller,
	title={The Muller-Lyer illusion explained by the statistics of image--source relationships},
	author={Howe, Catherine Q and Purves, Dale},
	journal={Proceedings of the National Academy of Sciences},
	volume={102},
	number={4},
	pages={1234--1239},
	year={2005},
	publisher={National Acad Sciences}
}

@book{LuckieshVisualIllusions1965,
	title={Visual Illusions: Their Causes, Characteristics, and Applications},
	author={Luckiesh, M},
	year={1965},
	publisher={Dover Publications Inc.}
}

@article{mackay1957moving,
	title={Moving visual images produced by regular stationary patterns},
	author={MacKay, Donald M},
	journal={Nature},
	volume={180},
	number={4591},
	pages={849--850},
	year={1957}
}

@article{muller1896lehre,
	title={Zur Lehre von den optischen Tauschungen.},
	author={Muller-Lyer, FC},
	journal={Uber Kontrast und Konfiuxion. Zeitschrififiir Psychologie und Physiologie der Sinnesorgane, IX},
	pages={1--16},
	year={1896}
}


@article{ninio2014geometrical,
	title={Geometrical illusions are not always where you think they are: a review of some classical and less classical illusions, and ways to describe them},
	author={Ninio, Jacques},
	journal={Frontiers in human neuroscience},
	volume={8},
	pages={856},
	year={2014},
	publisher={Frontiers}
}

@article{palmer2018perceptual,
	title={Perceptual integration of head and eye cues to gaze direction in schizophrenia},
	author={Palmer, Colin J and Caruana, Nathan and Clifford, Colin WG and Seymour, Kiley J},
	journal={Royal Society open science},
	volume={5},
	number={12},
	pages={180885},
	year={2018},
	publisher={The Royal Society}
}

@article{roberts2005roles,
	title={The roles of inducer size and distance in the Ebbinghaus illusion (Titchener circles)},
	author={Roberts, Brian and Harris, Mike G and Yates, Tim A},
	journal={Perception},
	volume={34},
	number={7},
	pages={847--856},
	year={2005},
	publisher={SAGE Publications Sage UK: London, England}
}

@book{robinson1972psychology,
	title={The psychology of visual illusion.},
	author={Robinson, JO},
	year={1972},
	publisher={Hutchinson University Library}
}

@article{schlaffke2015brain,
	title={The brain's dress code: How The Dress allows to decode the neuronal pathway of an optical illusion},
	author={Schlaffke, Lara and Golisch, Anne and Haag, Lauren M and Lenz, Melanie and Heba, Stefanie and Lissek, Silke and Schmidt-Wilcke, Tobias and Eysel, Ulf T and Tegenthoff, Martin},
	journal={Cortex},
	volume={73},
	pages={271--275},
	year={2015},
	publisher={Elsevier}
}

@article{thakkar2020stronger,
	title={Stronger tilt aftereffects in persons with schizophrenia},
	author={Thakkar, Katharine N and Ghermezi, Livon and Silverstein, Steven and Slate, Rachael and Yao, Beier and Achtyes, Eric and Brascamp, Jan},
	year={2020},
	publisher={PsyArXiv}
}


@article{webster1996human,
	title={Human colour perception and its adaptation},
	author={Webster, Michael A},
	journal={Network: Computation in Neural Systems},
	volume={7},
	number={4},
	pages={587--634},
	year={1996},
	publisher={Taylor \& Francis}
}


@article{witkin1948studies,
	title={Studies in space orientation. IV. Further experiments on perception of the upright with displaced visual fields.},
	author={Witkin, Herman A and Asch, Solomon E},
	journal={Journal of experimental psychology},
	volume={38},
	number={6},
	pages={762},
	year={1948},
	publisher={American Psychological Association}
}



@Manual{R-base,
  title = {R: A Language and Environment for Statistical Computing},
  author = {R Core Team},
  organization = {R Foundation for Statistical Computing},
  address = {Vienna, Austria},
  year = {2020},
  url = {https://www.R-project.org/},
}
@Manual{R-papaja,
  author = {Frederik Aust and Marius Barth},
  title = {papaja: Create APA manuscripts with R Markdown},
  year = {2020},
  note = {R package version 0.1.0.9997},
  url = {https://github.com/crsh/papaja},
}

